<?xml version="1.0" encoding="UTF-8"?><record xmlns="http://www.loc.gov/MARC21/slim" xmlns:cinclude="http://apache.org/cocoon/include/1.0" xmlns:zs="http://www.loc.gov/zing/srw/">
  <leader>00530cz  a2200169n  4500</leader>
  <controlfield tag="001">n 2004044985</controlfield>
  <controlfield tag="003">DLC</controlfield>
  <controlfield tag="005">20130322082530.0</controlfield>
  <controlfield tag="008">040831n| azannaabn          |a aaa      </controlfield>
  <datafield tag="010" ind1=" " ind2=" ">
    <subfield code="a">n 2004044985</subfield>
  </datafield>
  <datafield tag="040" ind1=" " ind2=" ">
    <subfield code="a">DLC</subfield>
    <subfield code="b">eng</subfield>
    <subfield code="e">rda</subfield>
    <subfield code="c">DLC</subfield>
    <subfield code="d">DLC</subfield>
  </datafield>
  <datafield tag="046" ind1=" " ind2=" ">
    <subfield code="k">2002</subfield>
  </datafield>
  <datafield tag="100" ind1="1" ind2=" ">
    <subfield code="a">Lo패pez Pastor, Rosario.</subfield>
    <subfield code="t">Works.</subfield>
    <subfield code="k">Selections.</subfield>
    <subfield code="f">2002</subfield>
  </datafield>
  <datafield tag="381" ind1=" " ind2=" ">
    <subfield code="a">Selections</subfield>
  </datafield>
  <datafield tag="400" ind1="1" ind2=" ">
    <subfield code="a">Lo패pez Pastor, Rosario.</subfield>
    <subfield code="t">Recordado y escrito</subfield>
  </datafield>
  <datafield tag="400" ind1="1" ind2=" ">
    <subfield code="w">nnea</subfield>
    <subfield code="a">Lo패pez Pastor, Rosario.</subfield>
    <subfield code="t">Selections.</subfield>
    <subfield code="f">2002</subfield>
  </datafield>
  <datafield tag="670" ind1=" " ind2=" ">
    <subfield code="a">Lo패pez Pastor, Rosario. Recordado y escrito, 2002.</subfield>
  </datafield>
</record>